@book{natureofcode,
  title={The Nature of Code},
  author={Shiffman, D. and Fry, S. and Marsh, Z.},
  isbn={9780985930806},
  url={https://books.google.com.mt/books?id=hoK6lgEACAAJ},
  year={2012},
  publisher={D. Shiffman}
}